<record><leader>00000cas a22000007a 4500</leader><controlfield tag="001">15186137</controlfield><controlfield tag="008">870212d18731883mouwr ne      0    0eng d</controlfield><datafield ind1=" " ind2=" " tag="010"><subfield code="a">sn 87052192 </subfield></datafield><datafield ind1=" " ind2=" " tag="040"><subfield code="a">NPX</subfield><subfield code="b">eng</subfield><subfield code="c">NPX</subfield><subfield code="d">MQN</subfield><subfield code="d">OCLCQ</subfield></datafield><datafield ind1=" " ind2=" " tag="042"><subfield code="a">msc</subfield></datafield><datafield ind1="0" ind2=" " tag="130"><subfield code="a">Lever (Plattsburg, Mo.)</subfield></datafield><datafield ind1="1" ind2="4" tag="245"><subfield code="a">The lever.</subfield></datafield><datafield ind1=" " ind2=" " tag="260"><subfield code="a">Plattsburg, Mo. :</subfield><subfield code="b">Jno. M. McMichael</subfield></datafield><datafield ind1=" " ind2=" " tag="300"><subfield code="a">v.</subfield></datafield><datafield ind1=" " ind2=" " tag="310"><subfield code="a">Weekly</subfield></datafield><datafield ind1="1" ind2=" " tag="362"><subfield code="a">Began in 1873? Ceased in 1883?</subfield></datafield><datafield ind1=" " ind2=" " tag="588"><subfield code="a">Description based on: Vol. 4, no. 14 (Aug. 18, 1876).</subfield></datafield><datafield ind1=" " ind2=" " tag="752"><subfield code="a">United States</subfield><subfield code="b">Missouri</subfield><subfield code="c">Clinton</subfield><subfield code="d">Plattsburg.</subfield></datafield><datafield ind1="0" ind2="0" tag="785"><subfield code="t">Register-lever</subfield></datafield></record>